@Article{halofskyMixedseverityFireRegimes2011,
  title = {Mixed-Severity Fire Regimes: Lessons and Hypotheses from the {{Klamath}}-{{Siskiyou Ecoregion}}},
  shorttitle = {Mixed-Severity Fire Regimes},
  author = {J. E. Halofsky and D. C. Donato and D. E. Hibbs and J. L. Campbell and M. Donaghy Cannon and J. B. Fontaine and J. R. Thompson and R. G. Anthony and B. T. Bormann and L. J. Kayes and B. E. Law and D. L. Peterson and T. A. Spies},
  year = {2011},
  month = {apr},
  volume = {2},
  pages = {1--19},
  issn = {2150-8925},
  doi = {10.1890/ES10-00184.1},
  file = {/Users/christopheradlam/Zotero/storage/5G3NSEU5/Halofsky et al. - 2011 - Mixed-severity fire regimes lessons and hypothese.pdf;/Users/christopheradlam/Zotero/storage/VMSHQWNH/abstract.html},
  journal = {Ecosphere},
  keywords = {Biscuit Fire,ecosystem response to fire,fire behavior,fire mosaic,Fire regime,fire severity,Klamath-Siskiyou ecoregion,post-fire ecology},
  language = {en},
  number = {4},
}
@TechReport{harlingWesternKlamathRestoration2014,
  title = {Western {{Klamath Restoration Partnership}}: {{A Plan}} for {{Restoring Fire Adapted Landscapes}}},
  author = {Will Harling and Bill Tripp},
  year = {2014},
  file = {/Users/christopheradlam/Zotero/storage/767HD4AW/2014 Western Klamath Restoration Partnership_Restoration Plan_DRAFT_FINA   .pdf},
}
@Article{steelFireFrequencyseverityRelationship2015,
  title = {The Fire Frequency-Severity Relationship and the Legacy of Fire Suppression in {{California}} Forests},
  author = {Zachary L. Steel and Hugh D. Safford and Joshua H. Viers},
  year = {2015},
  month = {jan},
  volume = {6},
  pages = {art8},
  issn = {2150-8925},
  doi = {10.1890/ES14-00224.1},
  file = {/Users/christopheradlam/Zotero/storage/NBVVD8P9/_caEUpG8.pdf},
  journal = {Ecosphere},
  language = {en},
  number = {1},
}
@Book{barbourNorthAmericanTerrestrial2000,
  title = {North {{American}} Terrestrial Vegetation},
  author = {Michael G. Barbour and William Dwight Billings},
  year = {2000},
  publisher = {{Cambridge University Press}},
  file = {/Users/christopheradlam/Zotero/storage/85H3D8V6/Barbour and Billings - 2000 - North American terrestrial vegetation.pdf;/Users/christopheradlam/Zotero/storage/QZ5FIMMH/books.html},
}

@Article{whittakerVEGETATIONHISTORYPACIFIC1961,
  title = {{{VEGETATION HISTORY OF THE PACIFIC COAST STATES AND THE}} {"}{{CENTRAL}}{"} {{SIGNIFICANCE OF THE KLAMATH REGION}}},
  author = {R. H. Whittaker},
  year = {1961},
  volume = {16},
  pages = {5--23},
  issn = {0024-9637},
  file = {/Users/christopheradlam/Zotero/storage/8BAT3ZG2/Whittaker - 1961 - VEGETATION HISTORY OF THE PACIFIC COAST STATES AND.pdf},
  journal = {Madro{\~n}o},
  number = {1},
}
@Article{taylorFireHistoryLandscape1998,
  title = {Fire History and Landscape Dynamics in a Late-Successional Reserve, {{Klamath Mountains}}, {{California}}, {{USA}}},
  author = {Alan H. Taylor and Carl N. Skinner},
  year = {1998},
  month = {dec},
  volume = {111},
  pages = {285--301},
  issn = {0378-1127},
  doi = {10.1016/S0378-1127(98)00342-9},
  file = {/Users/christopheradlam/Zotero/storage/5S8N4DS5/Taylor and Skinner - 1998 - Fire history and landscape dynamics in a late-succ.pdf;/Users/christopheradlam/Zotero/storage/WZ8VE8JR/S0378112798003429.html},
  journal = {Forest Ecology and Management},
  keywords = {Age-classes,Douglas-fir,Fire ecology,Fire regimes,landscape ecology,Stand structure},
  number = {2\textendash{}3},
}

@Article{taylorSpatialPatternsControls2003a,
  title = {Spatial Patterns and Controls on Historical Fire Regimes and Forest Structure in the {{Klamath Mountains}}},
  author = {Alan H. Taylor and Carl N. Skinner},
  year = {2003},
  file = {/Users/christopheradlam/Zotero/storage/PMNGB766/Taylor and Skinner - 2003 - Spatial patterns and controls on historical fire r.pdf;/Users/christopheradlam/Zotero/storage/EIWQUMDU/36548.html},
}

@Article{taylorSPATIALPATTERNSCONTROLS2003a,
  title = {{{SPATIAL PATTERNS AND CONTROLS ON HISTORICAL FIRE REGIMES AND FOREST STRUCTURE IN THE KLAMATH MOUNTAINS}}},
  author = {Alan H. Taylor and Carl N. Skinner},
  year = {2003},
  month = {jun},
  volume = {13},
  pages = {704--719},
  issn = {1051-0761},
  doi = {10.1890/1051-0761(2003)013[0704:SPACOH]2.0.CO;2},
  journal = {Ecological Applications},
  language = {en},
  number = {3},
}
@TechReport{usforestserviceCommonStandExam2008,
  title = {Common Stand Exam User's Guide},
  author = {US Forest Service},
  year = {2008},
  address = {{Albany, California, USA}},
  institution = {{USDA Forest Service}},
  file = {/Users/christopheradlam/Zotero/storage/5I4B6UHT/R5FG.pdf},
}
@Article{russoCompositeInsectTrap2011,
  title = {The {{Composite Insect Trap}}: {{An Innovative Combination Trap}} for {{Biologically Diverse Sampling}}},
  shorttitle = {The {{Composite Insect Trap}}},
  author = {Laura Russo and Rachel Stehouwer and Jacob Mason Heberling and Katriona Shea},
  year = {2011},
  month = {jun},
  volume = {6},
  pages = {e21079},
  issn = {1932-6203},
  doi = {10.1371/journal.pone.0021079},
  file = {/Users/christopheradlam/Zotero/storage/HEWFXZ8H/Russo et al. - 2011 - The Composite Insect Trap An Innovative Combinati.pdf;/Users/christopheradlam/Zotero/storage/838BXB7I/article.html},
  journal = {PLOS ONE},
  keywords = {Biodiversity,conservation science,Flight (biology),Insect flight,Insect pheromones,Insects,Plastics,Polyvinyl chloride},
  number = {6},
}
@Article{mcardleFittingMultivariateModels2001,
  title = {Fitting Multivariate Models to Community Data: A Comment on Distance-Based Redundancy Analysis},
  shorttitle = {Fitting Multivariate Models to Community Data},
  author = {Brian H. McArdle and Marti J. Anderson},
  year = {2001},
  volume = {82},
  pages = {290--297},
  file = {/Users/christopheradlam/Zotero/storage/936EKG33/full.html},
  journal = {Ecology},
  number = {1},
}
@Article{oksanenVeganPackage2007,
  title = {The Vegan Package},
  author = {Jari Oksanen and Roeland Kindt and Pierre Legendre and Bob O'Hara and M. Henry H. Stevens and Maintainer Jari Oksanen and MASS Suggests},
  year = {2007},
  volume = {10},
  pages = {631--637},
  file = {/Users/christopheradlam/Zotero/storage/CJR3DUTF/Oksanen et al. - 2007 - The vegan package.pdf},
  journal = {Community ecology package},
}
@Article{riceAnalyzingTablesStatistical1989,
  title = {Analyzing Tables of Statistical Tests},
  author = {William R. Rice},
  year = {1989},
  volume = {43},
  pages = {223--225},
  journal = {Evolution},
  number = {1},
}
@Article{millerQuantitativeEvidenceIncreasing2009,
  title = {Quantitative {{Evidence}} for {{Increasing Forest Fire Severity}} in the {{Sierra Nevada}} and {{Southern Cascade Mountains}}, {{California}} and {{Nevada}}, {{USA}}},
  author = {J. D. Miller and H. D. Safford and M. Crimmins and A. E. Thode},
  year = {2009},
  volume = {12},
  pages = {16--32},
  issn = {1432-9840, 1435-0629},
  doi = {10.1007/s10021-008-9201-9},
  file = {/Users/christopheradlam/Zotero/storage/WN93E4MN/Miller et al. - 2008 - Quantitative Evidence for Increasing Forest Fire S.pdf;/Users/christopheradlam/Zotero/storage/XVC5I6GH/s10021-008-9201-9.html},
  journal = {Ecosystems},
  language = {en},
  number = {1},
}
@Article{swansonBiologicalAssociatesEarlyseral2014,
  title = {Biological Associates of Early-Seral Pre-Forest in the {{Pacific Northwest}}},
  author = {Mark E. Swanson and Nichole M. Studevant and John L. Campbell and Daniel C. Donato},
  year = {2014},
  volume = {324},
  pages = {160--171},
  file = {/Users/christopheradlam/Zotero/storage/EEEJKFJM/Swanson et al. - 2014 - Biological associates of early-seral pre-forest in.pdf;/Users/christopheradlam/Zotero/storage/9IUE3A56/S037811271400200X.html},
  journal = {Forest ecology and management},
}
@Article{haugoMissingFireQuantifying2019,
  title = {The Missing Fire: Quantifying Human Exclusion of Wildfire in {{Pacific Northwest}} Forests, {{USA}}},
  shorttitle = {The Missing Fire},
  author = {Ryan D. Haugo and Bryce S. Kellogg and C. Alina Cansler and Crystal A. Kolden and Kerry B. Kemp and James C. Robertson and Kerry L. Metlen and Nicole M. Vaillant and Christina M. Restaino},
  year = {2019},
  volume = {10},
  pages = {e02702},
  issn = {2150-8925},
  doi = {10.1002/ecs2.2702},
  copyright = {\textcopyright{} 2019 The Authors.},
  file = {/Users/christopheradlam/Zotero/storage/CJZPLEPR/Haugo et al_2019_The missing fire.pdf;/Users/christopheradlam/Zotero/storage/4R9QGYVU/ecs2.html},
  journal = {Ecosphere},
  keywords = {forest management,historical range of variability,Pacific Northwest,wildfire},
  language = {en},
  number = {4},
}
@Article{hessburgDryForestsWildland2005,
  title = {Dry Forests and Wildland Fires of the Inland {{Northwest USA}}: {{Contrasting}} the Landscape Ecology of the Pre-Settlement and Modern Eras},
  shorttitle = {Dry Forests and Wildland Fires of the Inland {{Northwest USA}}},
  author = {Paul F. Hessburg and James K. Agee and Jerry F. Franklin},
  year = {2005},
  month = {jun},
  volume = {211},
  pages = {117--139},
  issn = {0378-1127},
  doi = {10.1016/j.foreco.2005.02.016},
  file = {/Users/christopheradlam/Zotero/storage/R37ACR89/Hessburg et al. - 2005 - Dry forests and wildland fires of the inland North.pdf;/Users/christopheradlam/Zotero/storage/7HI2CIHE/S0378112705000587.html},
  journal = {Forest Ecology and Management},
  keywords = {European settlement,Fire ecology,Fire History,historical range of variability,landscape ecology,Mixed conifer forests},
  number = {1},
  series = {Relative {{Risk Assessments}} for {{Decision}} \textendash{{Making Related To Uncharacteristic Wildfire}}},
}
@Article{odionExaminingHistoricalCurrent2014,
  title = {Examining {{Historical}} and {{Current Mixed}}-{{Severity Fire Regimes}} in {{Ponderosa Pine}} and {{Mixed}}-{{Conifer Forests}} of {{Western North America}}},
  author = {Dennis C. Odion and Chad T. Hanson and Andr{\a'e} Arsenault and William L. Baker and Dominick A. DellaSala and Richard L. Hutto and Walt Klenner and Max A. Moritz and Rosemary L. Sherriff and Thomas T. Veblen and Mark A. Williams},
  year = {2014},
  month = {feb},
  volume = {9},
  pages = {e87852},
  issn = {1932-6203},
  doi = {10.1371/journal.pone.0087852},
  file = {/Users/christopheradlam/Zotero/storage/B89TXS4W/Odion et al_2014_Examining Historical and Current Mixed-Severity Fire Regimes in Ponderosa Pine.pdf;/Users/christopheradlam/Zotero/storage/IMSLD2CQ/article.html},
  journal = {PLOS ONE},
  keywords = {Conifers,Fire suppression technology,Forest ecology,Forests,Fuels,Pines,Trees,Wildfires},
  language = {en},
  number = {2},
}
@Article{fryInfluenceHumansClimate2006,
  title = {Influence of Humans and Climate on the Fire History of a Ponderosa Pine-Mixed Conifer Forest in the Southeastern {{Klamath Mountains}}, {{California}}},
  author = {Danny L. Fry and Scott L. Stephens},
  year = {2006},
  month = {mar},
  volume = {223},
  pages = {428--438},
  issn = {0378-1127},
  doi = {10.1016/j.foreco.2005.12.021},
  file = {/Users/christopheradlam/Zotero/storage/NA2IGAJA/Fry and Stephens - 2006 - Influence of humans and climate on the fire histor.pdf;/Users/christopheradlam/Zotero/storage/RW9M5CM2/S0378112705007620.html},
  journal = {Forest Ecology and Management},
  keywords = {Climate indices,Dendrochronology,fire return interval,Fire suppression,Seasonality,Settlement,Superposed epoch analysis,Whiskeytown National Recreation Area},
  number = {1\textendash{}3},
}

@Article{taylorSocioecologicalTransitionsTrigger2016,
  title = {Socioecological Transitions Trigger Fire Regime Shifts and Modulate Fire\textendash{}Climate Interactions in the {{Sierra Nevada}}, {{USA}}, 1600\textendash{}2015 {{CE}}},
  author = {Alan H. Taylor and Valerie Trouet and Carl N. Skinner and Scott Stephens},
  year = {2016},
  month = {nov},
  pages = {201609775},
  issn = {0027-8424, 1091-6490},
  doi = {10.1073/pnas.1609775113},
  file = {/Users/christopheradlam/Zotero/storage/2MQCXXPP/Taylor et al. - 2016 - Socioecological transitions trigger fire regime sh.pdf;/Users/christopheradlam/Zotero/storage/U9968I7S/1609775113.html},
  journal = {Proceedings of the National Academy of Sciences},
  keywords = {anthropogenic landscapes,climate variability,Fire ecology,Land use,regime shifts},
  language = {en},
  pmid = {27849589},
}
@Article{crawfordLateHoloceneFire2015,
  title = {Late {{Holocene}} Fire and Vegetation Reconstruction from the Western {{Klamath Mountains}}, {{California}}, {{USA}}: {{A}} Multi-Disciplinary Approach for Examining Potential Human Land-Use Impacts},
  shorttitle = {Late {{Holocene}} Fire and Vegetation Reconstruction from the Western {{Klamath Mountains}}, {{California}}, {{USA}}},
  author = {Jeffrey N Crawford and Scott A Mensing and Frank K Lake and Susan RH Zimmerman},
  year = {2015},
  month = {aug},
  volume = {25},
  pages = {1341--1357},
  issn = {0959-6836},
  doi = {10.1177/0959683615584205},
  file = {/Users/christopheradlam/Zotero/storage/AGQHKR6P/Crawford et al_2015_Late Holocene fire and vegetation reconstruction from the western Klamath.pdf},
  journal = {The Holocene},
  language = {en},
  number = {8},
}
@Article{bakerAreHighSeverityFires2015,
  title = {Are {{High}}-{{Severity Fires Burning}} at {{Much Higher Rates Recently}} than {{Historically}} in {{Dry}}-{{Forest Landscapes}} of the {{Western USA}}?},
  author = {William L. Baker},
  year = {2015},
  month = {sep},
  volume = {10},
  issn = {1932-6203},
  doi = {10.1371/journal.pone.0136147},
  file = {/Users/christopheradlam/Zotero/storage/9INS489X/Baker_2015_Are High-Severity Fires Burning at Much Higher Rates Recently than Historically.pdf},
  journal = {PLoS ONE},
  number = {9},
  pmcid = {PMC4564206},
  pmid = {26351850},
}
